@inproceedings{OBrien2002,
  title = {Graphical Modeling and Animation of Ductile Fracture},
 booktitle = {Proceedings of the 29th Annual Conference on Computer Graphics and Interactive Techniques},
  author = {James F. O'Brien and Adam W. Bargteil and Jessica K. Hodgins},
  year = {2002},
  pages = {291--294},
}


@inproceedings {Koschier2019-Tut,
booktitle = {Eurographics 2019},
title = {{Smoothed Particle Hydrodynamics Techniques for the Physics Based Simulation of Fluids and Solids}},
author = {Koschier, Dan and Bender, Jan and Solenthaler, Barbara and Teschner, Matthias},
year = {2019},
pages= {1--41}
}


@inproceedings{Becker2009,
author = {Becker, Markus and Ihmsen, Markus and Teschner, Matthias},
title = {Corotated {SPH} for Deformable Solids},
year = {2009},
booktitle = {Proceedings of the Fifth Eurographics Conference on Natural Phenomena},
pages = {27-–34},
numpages = {8},
}

@article{Muller2005-ShapeMatching,
author = {M\"{u}ller, Matthias and Heidelberger, Bruno and Teschner, Matthias and Gross, Markus},
title = {Meshless Deformations Based on Shape Matching},
year = {2005},
volume = {24},
number = {3},
journal = {ACM Transactions on Graphics},
pages = {471--478},
numpages = {8},
}

@article{Bender2017-DFSPH,
author={Bender, Jan and Koschier, Dan},
journal={IEEE Transactions on Visualization and Computer Graphics},
title={Divergence-Free {SPH} for Incompressible and Viscous Fluids},
year={2017},
volume={23},
number={3},
pages={1193--1206},
}


@article{Monaghan1992,
author = {Monaghan, J. J.},
title = {Smoothed Particle Hydrodynamics},
journal = {Annual Review of Astronomy and Astrophysics},
volume = {30},
number = {1},
pages = {543--574},
year = {1992},
}


@article{Orthmann2012-Diffusion,
author = {Orthmann, Jens and Kolb, Andreas},
title = {Temporal Blending for Adaptive {SPH}},
journal = {Computer Graphics Forum},
volume = {31},
number = {8},
pages = {2436--2449},
year = {2012}
}

@article{Cleary1999-ConductionSPH,
title = {Conduction Modelling Using Smoothed Particle Hydrodynamics},
journal = {Journal of Computational Physics},
volume = {148},
number = {1},
pages = {227--264},
year = {1999},
author = {Paul W Cleary and Joseph J Monaghan},
}


@article{Weiler2018-viscosity,
author = {Weiler, Marcel and Koschier, Dan and Brand, Magnus and Bender, Jan},
title = {A Physically Consistent Implicit Viscosity Solver for {SPH} Fluids},
journal = {Computer Graphics Forum},
volume = {37},
number = {2},
pages = {145--155},
year = {2018}
}


@article{Terzopoulos1989,
author = {Terzopoulos, Demetri and Platt, John and Fleischer, Kurt},
title = {Heating and melting deformable models},
journal = {The Journal of Visualization and Computer Animation},
volume = {2},
number = {2},
pages = {68--73},
year = {1991}
}

@inproceedings{Stora1999,
 title = {Animating Lava Flows},
 author = {Dan Stora and Pierre Olivier Agliati and Marie Paule Cani and Fabrice Neyret and Jean Dominique Gascuel},
 booktitle = {Proceedings of the Graphics Interface 1999 Conference},
 year = {1999},
 pages = {203--210},
}

@inproceedings{Fujisawa2007,
author = {Fujisawa, Makoto and Miura, Kenjiro T.},
title = {Animation of Ice Melting Phenomenon Based on Thermodynamics with Thermal Radiation},
year = {2007},
booktitle = {Proceedings of the 5th International Conference on Computer Graphics and Interactive Techniques in Australia and Southeast Asia},
pages = {249–-256},
numpages = {8},
}

@inproceedings{Carlson2002,
author = {Carlson, Mark and Mucha, Peter J. and Van Horn, R. Brooks and Turk, Greg},
title = {Melting and Flowing},
year = {2002},
booktitle = {Proceedings of the 2002 ACM SIGGRAPH/Eurographics Symposium on Computer Animation},
pages = {167--174},
}


@article{Losasso2006,
author = {Losasso, Frank and Shinar, Tamar and Selle, Andrew and Fedkiw, Ronald},
title = {Multiple Interacting Liquids},
year = {2006},
volume = {25},
number = {3},
journal = {ACM Transactions on Graphics},
pages = {812–-819},
numpages = {8},
}


@article{Solenthaler2007,
author = {Solenthaler, Barbara and Schläfli, Jürg and Pajarola, Renato},
title = {A unified particle model for fluid–solid interactions},
journal = {Computer Animation and Virtual Worlds},
volume = {18},
number = {1},
pages = {69--82},
year = {2007}
}



@inproceedings{Muller2004-elastic-plastic-melting,
author = {M\"{u}ller, M. and Keiser, R. and Nealen, A. and Pauly, M. and Gross, M. and Alexa, M.},
title = {Point Based Animation of Elastic, Plastic and Melting Objects},
year = {2004},
booktitle = {Proceedings of the 2004 ACM SIGGRAPH/Eurographics Symposium on Computer Animation},
pages = {141--151},
numpages = {11},
}

@article{Su2021,
author = {Su, Haozhe and Xue, Tao and Han, Chengguizi and Jiang, Chenfanfu and Aanjaneya, Mridul},
title = {A Unified Second-Order Accurate in Time MPM Formulation for Simulating Viscoelastic Liquids with Phase Change},
year = {2021},
volume = {40},
number = {4},
journal = {ACM Transactions on Graphics},
articleno = {119},
numpages = {18},
pages = {1--18},
}

@article{Sulsky1994,
title = {A particle method for history-dependent materials},
journal = {Computer Methods in Applied Mechanics and Engineering},
volume = {118},
number = {1},
pages = {179--196},
year = {1994},
author = {D. Sulsky and Z. Chen and H.L. Schreyer},
}




@Inbook{Chhabra2010,
author="Chhabra, Rajendra P.",
editor="Krishnan, J. Murali
and Deshpande, Abhijit P.
and Kumar, P. B. Sunil",
title="Non-Newtonian Fluids: An Introduction",
bookTitle="Rheology of Complex Fluids",
year="2010",
pages="3--34",
publisher={Springer New York}
}

@article{Karimi2014,
title = {Effect of rheological models on the hemodynamics within human aorta: {CFD} study on {CT} image-based geometry},
journal = {Journal of Non-Newtonian Fluid Mechanics},
volume = {207},
pages = {42-52},
year = {2014},
author = {Safoora, Karimi and Mahsa, Dabagh and Paritosh, Vasava and Mitra, Dadvar and Bahram, Dabir and Payman, Jalali},
}


@article{Zhu2015-nonNewton,
author = {Zhu, Bo and Lee, Minjae and Quigley, Ed and Fedkiw, Ronald},
title = {Codimensional Non-Newtonian Fluids},
year = {2015},
volume = {34},
number = {4},
journal = {ACM Transactions on Graphics},
articleno = {115},
numpages = {9},
pages = {1--9},
}



@article{Goktekin2004,
  title = {A Method for Animating Viscoelastic Fluids},
  journal = {ACM Transactions on Graphics},
  author = {Tolga G. Goktekin and Adam W. Bargteil and James F. O'Brien},
  number = 3,
  volume = 23,
  year = 2004,
  pages = {463--468},
}


@Inbook{Phan2017,
    author={Phan Thien, Nhan and Mai Duy, Nam},
    title={Understanding Viscoelasticity: An Introduction to Rheology},
    year={2017},
    publisher={Springer International Publishing},
    pages={95--111},
}


@article{Cross1965,
title = {Rheology of non-{N}ewtonian fluids: A new flow equation for pseudoplastic systems},
journal = {Journal of Colloid Science},
volume = {20},
number = {5},
pages = {417--437},
year = {1965},
author = {Malcolm M. Cross},
}


@inproceedings{Bender2019-coupling,
author = {Bender, Jan and Kugelstadt, Tassilo and Weiler, Marcel and Koschier, Dan},
title = {Volume Maps: An Implicit Boundary Representation for {SPH}},
year = {2019},
booktitle = {Proceedings of the 12th ACM SIGGRAPH Conference on Motion, Interaction and Games},
articleno = {26},
numpages = {10},
}

@inproceedings{Batty2008-accurate-viscous,
 author = {Christopher Batty and Robert Bridson},
 title = {Accurate Viscous Free Surfaces for Buckling, Coiling, and Rotating Liquids},
 booktitle = {Proceedings of the 2008 ACM/Eurographics Symposium on Computer Animation},
 pages = {219--228},
 year = {2008},
}


@article{Larionov2017-variationalStokes,
author = {Larionov, Egor and Batty, Christopher and Bridson, Robert},
title = {Variational Stokes: A Unified Pressure-Viscosity Solver for Accurate Viscous Liquids},
year = {2017},
volume = {36},
number = {4},
issn = {0730-0301},
journal = {ACM Transactions on Graphics},
articleno = {101},
numpages = {11},
  pages ={1--11},
}

@article{Goldade2019-Adaptive-Octree-Viscosity,
  author = {Goldade, Ryan and Wang, Yipeng and Aanjaneya, Mridul and Batty, Christopher},
  title = {An Adaptive Variational Finite Difference Framework for Efficient Symmetric Octree Viscosity},
  year = {2019},
  volume = {38},
  number = {4},
  journal = {ACM Transactions on Graphics},
  articleno = {Article 94},
  numpages = {14},
  pages ={1--14},
}



@article{Shao-Huang2022-unsmoothed,
  author    = {Han Shao and Libo Huang and Dominik L.~Michels},
  title     = {A Fast Unsmoothed Aggregation Algebraic Multigrid Framework for the Large-Scale Simulation of Incompressible Flow},
  journal   = {ACM Transactions on Graphics},
  year      = {2022},
  volume    = {41},
  number    = {4},
  articleno = {49},
  pages ={1--18},
}


@article{Takahashi2015,
author = {Takahashi, Tetsuya and Dobashi, Yoshinori and Fujishiro, Issei and Nishita, Tomoyuki and Lin, Ming C.},
title = {Implicit Formulation for {SPH}-based Viscous Fluids},
journal = {Computer Graphics Forum},
volume = {34},
number = {2},
pages = {493--502},
year = {2015}
}


@article{Peer2015,
author = {Peer, Andreas and Ihmsen, Markus and Cornelis, Jens and Teschner, Matthias},
title = {An Implicit Viscosity Formulation for {SPH} Fluids},
year = {2015},
volume = {34},
number = {4},
journal = {ACM Transactions on Graphics},
articleno = {114},
pages = {1--10},
numpages = {10},
}


@article{Bridson2012-XSPH,
author = {Schechter, Hagit and Bridson, Robert},
title = {Ghost {SPH} for Animating Water},
year = {2012},
volume = {31},
number = {4},
journal = {ACM Transactions on Graphics},
articleno = {61},
numpages = {8},
pages = {1--8},
}

@inproceedings{Terzopoulos1987,
author = {Terzopoulos, Demetri and Platt, John and Barr, Alan and Fleischer, Kurt},
title = {Elastically Deformable Models},
year = {1987},
booktitle = {Proceedings of the 14th Annual Conference on Computer Graphics and Interactive Techniques},
pages = {205–-214},
numpages = {10},
}

@article{Stomakin2013-snow,
author = {Stomakhin, Alexey and Schroeder, Craig and Chai, Lawrence and Teran, Joseph and Selle, Andrew},
title = {A Material Point Method for Snow Simulation},
year = {2013},
publisher = {Association for Computing Machinery},
address = {New York, NY, USA},
volume = {32},
number = {4},
journal = {ACM Transactions on Graphics},
articleno = {102},
numpages = {10},
pages = {1--10}
}

@article{Gao2017-GIMP,
author = {Gao, Ming and Tampubolon, Andre Pradhana and Jiang, Chenfanfu and Sifakis, Eftychios},
title = {An Adaptive Generalized Interpolation Material Point Method for Simulating Elastoplastic Materials},
year = {2017},
volume = {36},
number = {6},
journal = {ACM Transactions on Graphics},
articleno = {223},
numpages = {12},
pages = {1--12},
}


@article{Fang2019-sillyRubber,
author = {Fang, Yu and Li, Minchen and Gao, Ming and Jiang, Chenfanfu},
title = {Silly Rubber: An Implicit Material Point Method for Simulating Non-Equilibrated Viscoelastic and Elastoplastic Solids},
year = {2019},
volume = {38},
number = {4},
journal = {ACM Transactions on Graphics},
articleno = {118},
numpages = {13},
pages ={1--13},
}

@article{Gao2018-GPU-MPM,
author = {Gao, Ming and Wang, Xinlei and Wu, Kui and Pradhana, Andre and Sifakis, Eftychios and Yuksel, Cem and Jiang, Chenfanfu},
title = {{GPU} Optimization of Material Point Methods},
year = {2018},
volume = {37},
number = {6},
journal = {ACM Transactions on Graphics},
articleno = {254},
numpages = {12},
pages = {1--12},
}


@article{liuMB-SPH,
  title={Smoothed particle hydrodynamics ({SPH}): an overview and recent developments},
  author={Liu, MB and Liu, GR2593940},
  journal={Archives of computational methods in engineering},
  volume={17},
  pages={25--76},
  year={2010},
}


@inproceedings{Becker2007-WCSPH,
author = {Becker, Markus and Teschner, Matthias},
title = {Weakly Compressible {SPH} for Free Surface Flows},
year = {2007},
booktitle = {Proceedings of the 2007 ACM SIGGRAPH/Eurographics Symposium on Computer Animation},
pages = {209--217},
numpages = {9},
}


@inproceedings{Solenthaler2009-PCISPH,
author = {Solenthaler, B. and Pajarola, R.},
title = {Predictive-Corrective Incompressible {SPH}},
year = {2009},
booktitle = {Proceedings of the 2009 ACM SIGGRAPH},
articleno = {40},
numpages = {6},
pages = {1-6},
}



@article{Akinci2012-coupling,
author = {Akinci, Nadir and Ihmsen, Markus and Akinci, Gizem and Solenthaler, Barbara and Teschner, Matthias},
title = {Versatile Rigid-Fluid Coupling for Incompressible {SPH}},
year = {2012},
volume = {31},
number = {4},
journal = {ACM Transactions on Graphics},
articleno = {62},
numpages = {8},
pages = {1--8},
}

@inproceedings{Bender2019-VolumeMap,
author = {Bender, Jan and Kugelstadt, Tassilo and Weiler, Marcel and Koschier, Dan},
title = {Volume Maps: An Implicit Boundary Representation for {SPH}},
year = {2019},
booktitle = {Proceedings of the 12th ACM SIGGRAPH Conference on Motion, Interaction and Games},
articleno = {26},
numpages = {10},
numpages = {1--10}
}

@inproceedings{Bender2017-Micropolar-vorticity-SPH,
author = {Bender, Jan and Koschier, Dan and Kugelstadt, Tassilo and Weiler, Marcel},
title = {A Micropolar Material Model for Turbulent {SPH} Fluids},
year = {2017},
booktitle = {Proceedings of the ACM SIGGRAPH / Eurographics Symposium on Computer Animation},
articleno = {4},
numpages = {8},
pages = {1--8},
}

@ARTICLE{gao2021simulating,
  author={Gao, Yang and Li, Shuai and Hao, Aimin and Qin, Hong},
  journal={IEEE Transactions on Visualization and Computer Graphics}, 
  title={Simulating Multi-Scale, Granular Materials and Their Transitions With a Hybrid Euler-Lagrange Solver}, 
  year={2021},
  volume={27},
  number={12},
  pages={4483--4494},
 }

 
@article{GAO2017anefficient,
title = {An efficient heat-based model for solid-liquid-gas phase transition and dynamic interaction},
journal = {Graphical Models},
volume = {94},
pages = {14--24},
year = {2017},
issn = {1524-0703},
author = {Yang Gao and Shuai Li and Lipeng Yang and Hong Qin and Aimin Hao},
}



@article{Akinci2013-surfaceTension,
author = {Akinci, Nadir and Akinci, Gizem and Teschner, Matthias},
title = {Versatile Surface Tension and Adhesion for {SPH} Fluids},
year = {2013},
issue_date = {November 2013},
volume = {32},
number = {6},
journal = {ACM Transactions on Graphics},
month = {nov},
articleno = {182},
numpages = {8},
pages = {1--8}
}


@inproceedings{Koschier2017-DensityMap,
author = {Koschier, Dan and Bender, Jan},
title = {Density Maps for Improved {SPH} Boundary Handling},
year = {2017},
booktitle = {Proceedings of the ACM SIGGRAPH / Eurographics Symposium on Computer Animation},
articleno = {1},
numpages = {10},
pages = {1--10},
keywords = {boundary handling, incompressible fluids, implicit representation, smoothed particle hydrodynamics},
}

@article{koschier2022survey,
  title={A survey on {SPH} methods in computer graphics},
  author={Koschier, Dan and Bender, Jan and Solenthaler, Barbara and Teschner, Matthias},
  journal={Computer Graphics Forum},
  volume={41},
  number={2},
  pages={737--760},
  year={2022},
}

@article{Stomakhin2013-snow,
author = {Stomakhin, Alexey and Schroeder, Craig and Chai, Lawrence and Teran, Joseph and Selle, Andrew},
title = {A Material Point Method for Snow Simulation},
year = {2013},
address = {New York, NY, USA},
volume = {32},
number = {4},
journal = {ACM Transactions on Graphics},
articleno = {102},
numpages = {10},
pages = {1--10},
}

@article{Ren2014-Multiphase-SPH,
author = {Ren, Bo and Li, Chenfeng and Yan, Xiao and Lin, Ming C. and Bonet, Javier and Hu, Shi-Min},
title = {Multiple-Fluid {SPH} Simulation Using a Mixture Model},
year = {2014},
volume = {33},
number = {5},
journal = {ACM Transactions on Graphics},
articleno = {171},
numpages = {11},
pages = {1--10},
}

@article{Fang2020-IQ-MPM,
author = {Fang, Yu and Qu, Ziyin and Li, Minchen and Zhang, Xinxin and Zhu, Yixin and Aanjaneya, Mridul and Jiang, Chenfanfu},
title = {{IQ-MPM}: An Interface Quadrature Material Point Method for Non-Sticky Strongly Two-Way Coupled Nonlinear Solids and Fluids},
year = {2020},
volume = {39},
number = {4},
journal = {ACM Transactions on Graphics},
articleno = {51},
numpages = {16},
pages = {1--16},
}


@article{Hu2018-mls-mpm,
  title={A moving least squares material point method with displacement discontinuity and two-way rigid body coupling},
  author={Hu, Yuanming and Fang, Yu and Ge, Ziheng and Qu, Ziyin and Zhu, Yixin and Pradhana, Andre and Jiang, Chenfanfu},
  journal={ACM Transactions on Graphics},
  volume={37},
  number={4},
  pages={1--14},
  year={2018},
}

@article{gao2019efficient,
  title={An efficient {FLIP} and shape matching coupled method for fluid--solid and two-phase fluid simulations},
  author={Gao, Yang and Li, Shuai and Qin, Hong and Xu, Yinghao and Hao, Aimin},
  journal={The Visual Computer},
  volume={35},
  number={12},
  pages={1741--1753},
  year={2019},
}


@misc{Houdini,
url={https://www.sidefx.com/docs/houdini/},
journal={Houdini 19.5},
year={2023},
author={SideFX},
accessed={2023-9-7}
} 


@inproceedings{otsukimai2010,
author = {Otsuki, Mai and Sugihara, Kenji and Kimura, Asako and Shibata, Fumihisa and Tamura, Hideyuki},
title = {MAI Painting Brush: An Interactive Device That Realizes the Feeling of Real Painting},
year = {2010},
booktitle = {Proceedings of the 23nd Annual ACM Symposium on User Interface Software and Technology},
pages = {97-–100},
}

@article{li2019vectorized,
  title={Vectorized painting with temporal diffusion curves},
  author={Li, Yingjia and Zhai, Xiao and Hou, Fei and Liu, Yawen and Hao, Aimin and Qin, Hong},
  journal={IEEE Transactions on Visualization and Computer Graphics},
  volume={27},
  number={1},
  pages={228--240},
  year={2019},
  publisher={IEEE}
}

@inproceedings{gaovr2023,
  author={Gao, Yang and Bai, Hongming and Pei, Ziyi and Song, Wenfeng and Hao, Aimin},
  booktitle={2023 IEEE Conference on Virtual Reality and 3D User Interfaces Abstracts and Workshops (VRW)}, 
  title={{VR}-based Vector Watercolor Painting System}, 
  year={2023},
  pages={693--694},
}


@inproceedings{Muller03-SPH,
author = {M\"{u}ller, Matthias and Charypar, David and Gross, Markus},
title = {Particle-Based Fluid Simulation for Interactive Applications},
year = {2003},
booktitle = {Proceedings of the 2003 ACM SIGGRAPH/Eurographics Symposium on Computer Animation},
pages = {154--159},
numpages = {6},
}



@article{Ihmsen14-IISPH,
  author={Ihmsen, Markus and Cornelis, Jens and Solenthaler, Barbara and Horvath, Christopher and Teschner, Matthias},
  journal={IEEE Transactions on Visualization and Computer Graphics}, 
  title={Implicit Incompressible {SPH}}, 
  year={2014},
  volume={20},
  number={3},
  pages={426--435},
}


@article{Gissler2020-snow,
author = {Gissler, Christoph and Henne, Andreas and Band, Stefan and Peer, Andreas and Teschner, Matthias},
 journal = {ACM Transactions on Graphics},
title = {An Implicit Compressible {SPH} Solver for Snow Simulation},
year = {2020},
volume = {39},
number = {4},
articleno = {36},
pages = {1--16},
}

@article{Stomakhin2014,
author = {Stomakhin, Alexey and Schroeder, Craig and Jiang, Chenfanfu and Chai, Lawrence and Teran, Joseph and Selle, Andrew},
journal = {ACM Transactions on Graphics},
title = {Augmented {MPM} for Phase-Change and Varied Materials},
year = {2014},
volume = {33},
number = {4},
articleno = {138},
pages = {1--11},
}


@article{Bargteil-2007-AFE,
 author = {Adam W. Bargteil and Chris Wojtan and Jessica K. Hodgins and Greg Turk},
 title = {A Finite Element Method for Animating Large Viscoplastic Flow},
 journal = {ACM Transactions on Graphics},
 volume = {26},
 number = {3},
 year = {2007},
 pages = {1--8},
}

@article{Wojtan2008,
author = {Wojtan, Chris and Turk, Greg},
title = {Fast Viscoelastic Behavior with Thin Features},
year = {2008},
volume = {27},
number = {3},
journal = {ACM Transactions on Graphics},
pages = {1--8},
numpages = {8},
}

@article{Andrade2015,
title = {Particle-based fluids for viscous jet buckling},
journal = {Computers and Graphics},
volume = {52},
pages = {106--115},
year = {2015},
author = {Luiz Fernando de Souza Andrade and Marcos Sandim and Fabiano Petronetto and Paulo Pagliosa and Afonso Paiva},
}


@article{Yue2015,
author = {Yue, Yonghao and Smith, Breannan and Batty, Christopher and Zheng, Changxi and Grinspun, Eitan},
title = {Continuum Foam: A Material Point Method for Shear-Dependent Flows},
year = {2015},
volume = {34},
number = {5},
journal = {ACM Transactions on Graphics},
articleno = {160},
numpages = {20},
pages = {1--20},
}


@article{Ozgen2019,
author = {Ozgen, Oktar and Kallmann, Marcelo and Brown, Eric},
title = {An {SPH} model to simulate the dynamic behavior of shear thickening fluids},
journal = {Computer Animation and Virtual Worlds},
volume = {30},
number = {5},
pages = {1--18},
year = {2019}
}


@ARTICLE{Peer2017-Prescribed,
  author={Peer, Andreas and Teschner, Matthias},
  journal={IEEE Transactions on Visualization and Computer Graphics}, 
  title={Prescribed Velocity Gradients for Highly Viscous {SPH} Fluids with Vorticity Diffusion}, 
  year={2017},
  volume={23},
  number={12},
  pages={2656--2662},
}


@article{Bottiglieri1991,
author = {Bottiglieri, P. and De Sio, F. and Fasanaro, G. and Mojoli, G. and Impembo, M. and Castaldo, D.},
title = {Rheological Characterization Of Ketchup},
journal = {Journal of Food Quality},
volume = {14},
number = {6},
pages = {497--512},
year = {1991}
}
